%% This BibTeX bibliography file was created using BibDesk.
%% http://bibdesk.sourceforge.net/


%% Created for Lena Victoria Peschke at 2014-10-12 16:01:30 +0200


%% Saved with string encoding Unicode (UTF-8)



@misc{mit,
	Author = {Prof. K.-Y. (Sunny) Siu},
	Annote = {[Online; accessed 12-October-2014]},
	Date-Added = {2014-10-12 13:58:41 +0000},
	Date-Modified = {2014-10-12 14:01:27 +0000},
	Howpublished = {\url{http://web.mit.edu/course/2/2.993/www/lectures/lecture14.txt}},
	Month = {April},
	Title = {Distance-vector routing (distributed {B}ellman-{F}ord algorithm)},
	Year = {1999}}

@book{cn,
	Author = {Kurose, James F. and Ross, Keith W.},
	Date-Modified = {2014-10-11 15:30:32 +0000},
	Edition = {6th},
	Publisher = {Pearson},
	Read = {0},
	Title = {Computer Networking: A Top-Down Approach},
	Year = {2013}}

@misc{berkeley,
	Author = {Shenker, Scott},
	Annote = {[Online; accessed 12-October-2014]},
	Date-Added = {2014-10-12 13:58:41 +0000},
	Date-Modified = {2014-10-12 14:01:27 +0000},
	Howpublished = {\url{http://www-inst.eecs.berkeley.edu/~ee122/fa12/discussion/Section108_Answers.pdf}},
	Month = {Fall},
	Title = {Poison {R}everse},
	Year = {2012}}
